%% This BibTeX bibliography file was created using BibDesk.
%% https://bibdesk.sourceforge.io/

%% Created for Thibault CHAUSSON at 2022-09-21 22:17:24 +0200 


%% Saved with string encoding Unicode (UTF-8) 

@inproceedings{burke1994genetic,
    title={A genetic algorithm based university timetabling system},
    author={Burke, Edmund K and Elliman, David and Weare, Rupert},
    booktitle={Proceedings of the 2nd east-west international conference on computer technologies in education},
    volume={1},
    pages={35--40},
    year={1994},
    organization={Citeseer}
}

@misc{pongchairerks2009particle,
    title={Particle swarm optimization algorithm applied to scheduling problems},
    author={Pongchairerks, Pisut},
    year={2009},
    publisher={ScienceAsia}
}


@misc{TimeTableScheduling,
    author = {Chausson Thibault and El Haj Hissein Olivier and Guinot Jossua and Metallaoui Nassim and Viguier LÃ©o},
    title = {\emph{AI50 - Time table scheduling}},
    howpublished = {GitHub, \url{https://github.com/thibault-chausson/AI50-TimeTableScheduling} consult\'e le 13 janvier 2024},
    year = {le 7 janvier 2024} }